{
  "leader": "01865cam a2200409 i 4500",
  "fields": [
    {
      "001": "ocm01523953\\"
    },
    {
      "003": "OCoLC"
    },
    {
      "005": "20220708093404.0"
    },
    {
      "008": "750808s1956\\\\\\\\ncu\\\\\\\\\\\\\\\\\\\\\\100\\0\\eng\\\\"
    },
    {
      "010": {
        "ind1": "\\",
        "ind2": "\\",
        "subfields": [
          {
            "a": "   56013964 "
          }
        ]
      }
    },
    {
      "040": {
        "ind1": "\\",
        "ind2": "\\",
        "subfields": [
          {
            "a": "DLC"
          },
          {
            "b": "eng"
          },
          {
            "c": "LUU"
          },
          {
            "d": "SER"
          },
          {
            "d": "NYP"
          },
          {
            "d": "EL{dollar}"
          },
          {
            "d": "OCL"
          },
          {
            "d": "OCLCG"
          },
          {
            "d": "AU@"
          },
          {
            "d": "TULIB"
          },
          {
            "d": "WNC"
          },
          {
            "d": "OCLCF"
          },
          {
            "d": "SLY"
          },
          {
            "d": "OCLCO"
          },
          {
            "d": "OCLCQ"
          },
          {
            "d": "COH"
          },
          {
            "d": "Y7M"
          },
          {
            "d": "UKMGB"
          },
          {
            "d": "BDP"
          },
          {
            "d": "IL4J6"
          },
          {
            "d": "CZL"
          },
          {
            "d": "OCLCO"
          },
          {
            "d": "OCLCQ"
          }
        ]
      }
    },
    {
      "066": {
        "ind1": "\\",
        "ind2": "\\",
        "subfields": [
          {
            "c": "{dollar}1"
          }
        ]
      }
    },
    {
      "016": {
        "ind1": "7",
        "ind2": "\\",
        "subfields": [
          {
            "a": "012506433"
          },
          {
            "2": "Uk"
          }
        ]
      }
    },
    {
      "019": {
        "ind1": "\\",
        "ind2": "\\",
        "subfields": [
          {
            "a": "867467556"
          },
          {
            "a": "977366063"
          },
          {
            "a": "989351664"
          }
        ]
      }
    },
    {
      "035": {
        "ind1": "\\",
        "ind2": "\\",
        "subfields": [
          {
            "a": "(OCoLC)1523953"
          },
          {
            "z": "(OCoLC)867467556"
          },
          {
            "z": "(OCoLC)977366063"
          },
          {
            "z": "(OCoLC)989351664"
          }
        ]
      }
    },
    {
      "043": {
        "ind1": "\\",
        "ind2": "\\",
        "subfields": [
          {
            "a": "a------"
          }
        ]
      }
    },
    {
      "050": {
        "ind1": "0",
        "ind2": "0",
        "subfields": [
          {
            "a": "DS35"
          },
          {
            "b": ".A8 1955m"
          }
        ]
      }
    },
    {
      "055": {
        "ind1": "\\",
        "ind2": "4",
        "subfields": [
          {
            "a": "DS35 A8 R65 1955"
          }
        ]
      }
    },
    {
      "082": {
        "ind1": "0",
        "ind2": "4",
        "subfields": [
          {
            "a": "950"
          },
          {
            "b": "ROM"
          }
        ]
      }
    },
    {
      "100": {
        "ind1": "1",
        "ind2": "\\",
        "subfields": [
          {
            "a": "Romulo, Carlos P."
          },
          {
            "q": "(Carlos Pen\u0303a),"
          },
          {
            "d": "1899-1985."
          }
        ]
      }
    },
    {
      "245": {
        "ind1": "1",
        "ind2": "4",
        "subfields": [
          {
            "a": "The meaning of Bandung /"
          },
          {
            "c": "Carlos P. Romulo"
          }
        ]
      }
    },
    {
      "260": {
        "ind1": "\\",
        "ind2": "\\",
        "subfields": [
          {
            "a": "Chapel Hill :"
          },
          {
            "b": "University of North Carolina Press,"
          },
          {
            "c": "[1956]"
          }
        ]
      }
    },
    {
      "300": {
        "ind1": "\\",
        "ind2": "\\",
        "subfields": [
          {
            "a": "viii, 102 pages ;"
          },
          {
            "c": "21 cm"
          }
        ]
      }
    },
    {
      "336": {
        "ind1": "\\",
        "ind2": "\\",
        "subfields": [
          {
            "a": "text"
          },
          {
            "b": "txt"
          },
          {
            "2": "rdacontent"
          }
        ]
      }
    },
    {
      "337": {
        "ind1": "\\",
        "ind2": "\\",
        "subfields": [
          {
            "a": "unmediated"
          },
          {
            "b": "n"
          },
          {
            "2": "rdamedia"
          }
        ]
      }
    },
    {
      "338": {
        "ind1": "\\",
        "ind2": "\\",
        "subfields": [
          {
            "a": "volume"
          },
          {
            "b": "nc"
          },
          {
            "2": "rdacarrier"
          }
        ]
      }
    },
    {
      "490": {
        "ind1": "1",
        "ind2": "\\",
        "subfields": [
          {
            "a": "The Weil lectures on American citizenship of the University of North Carolina"
          }
        ]
      }
    },
    {
      "520": {
        "ind1": "\\",
        "ind2": "\\",
        "subfields": [
          {
            "a": "An interpretation of the conference, by the delegate from the Philippines."
          }
        ]
      }
    },
    {
      "611": {
        "ind1": "2",
        "ind2": "0",
        "subfields": [
          {
            "a": "Asian-African Conference"
          },
          {
            "n": "(1st :"
          },
          {
            "d": "1955 :"
          },
          {
            "c": "Bandung, Indonesia)"
          }
        ]
      }
    },
    {
      "611": {
        "ind1": "2",
        "ind2": "7",
        "subfields": [
          {
            "a": "Asian-African Conference."
          },
          {
            "2": "fast"
          },
          {
            "0": "(OCoLC)fst01405126"
          }
        ]
      }
    },
    {
      "776": {
        "ind1": "0",
        "ind2": "8",
        "subfields": [
          {
            "i": "Online version:"
          },
          {
            "a": "Romulo, Carlos P. (Carlos Pen\u0303a), 1899-1985."
          },
          {
            "t": "Meaning of Bandung."
          },
          {
            "d": "Chapel Hill, University of North Carolina Press [1956]"
          },
          {
            "w": "(OCoLC)580060864"
          }
        ]
      }
    },
    {
      "776": {
        "ind1": "0",
        "ind2": "8",
        "subfields": [
          {
            "i": "Online version:"
          },
          {
            "a": "Romulo, Carlos P. (Carlos Pen\u0303a), 1899-1985."
          },
          {
            "t": "Meaning of Bandung."
          },
          {
            "d": "Chapel Hill, University of North Carolina Press [1956]"
          },
          {
            "w": "(OCoLC)606015886"
          }
        ]
      }
    },
    {
      "830": {
        "ind1": "\\",
        "ind2": "0",
        "subfields": [
          {
            "a": "Weil lectures on American citizenship."
          }
        ]
      }
    },
    {
      "880": {
        "ind1": "\\",
        "ind2": "\\",
        "subfields": [
          {
            "6": "250-00/{dollar}1"
          },
          {
            "a": "\u7b2c1\u7248."
          }
        ]
      }
    },
    {
      "994": {
        "ind1": "\\",
        "ind2": "\\",
        "subfields": [
          {
            "a": "Z0"
          },
          {
            "b": "NYRVC"
          }
        ]
      }
    },
    {
      "948": {
        "ind1": "\\",
        "ind2": "\\",
        "subfields": [
          {
            "h": "NO HOLDINGS IN NYRVC - 398 OTHER HOLDINGS"
          }
        ]
      }
    },
    {
      "999": {
        "ind1": "\\",
        "ind2": "\\",
        "subfields": [
          {
            "a": "00000000016168"
          }
        ]
      }
    }
  ]
}